@Article{knaus2017,
  title = {{VCFR}: a package to manipulate and visualize variant call format data in {R}},
  author = {Brian J. Knaus and Niklaus J. Gr{\"u}nwald},
  journal = {Molecular Ecology Resources},
  year = {2017},
  volume = {17},
  number = {1},
  issn = {757},
  url = {http://dx.doi.org/10.1111/1755-0998.12549},
  pages = {44--53},
}

@article{jombart2008adegenet,
  title={adegenet: a R package for the multivariate analysis of genetic markers},
  author={Jombart, Thibaut},
  journal={Bioinformatics},
  volume={24},
  number={11},
  pages={1403--1405},
  year={2008},
  publisher={Oxford University Press}
}


@Article{jombart2011,
  title = {adegenet 1.3-1: new tools for the analysis of genome-wide SNP data},
  journal = {Bioinformatics},
  year = {2011},
  author = {T. Jombart and I. Ahmed},
  doi = {10.1093/bioinformatics/btr521},
}

@Article{kamvar2015novel,
  title = {{Novel R tools for analysis of genome-wide population genetic data with emphasis on clonality}},
  author = {Zhian N. Kamvar and Jonah C. Brooks and Niklaus J. Gr√ºnwald},
  year = {2015},
  month = {6},
  volume = {6},
  pages = {208},
  keywords = {clonality, population genomics, bootstrap, index of association, hierarchical analysis, sliding window},
  url = {https://doi.org/10.3389/fgene.2015.00208},
  doi = {10.3389/fgene.2015.00208},
  journal = {Front. Genet.},
  